<record><leader>00000cas a2200000 a 4500</leader><controlfield tag="001">41061302</controlfield><controlfield tag="008">990329d19671978caumn ne      0    0eng c</controlfield><datafield ind1=" " ind2=" " tag="010"><subfield code="a">sn 99060613 </subfield></datafield><datafield ind1=" " ind2=" " tag="040"><subfield code="a">CNK</subfield><subfield code="b">eng</subfield><subfield code="c">CNK</subfield><subfield code="d">OCLCQ</subfield><subfield code="d">OCLCF</subfield><subfield code="d">OCLCO</subfield><subfield code="d">OCL</subfield></datafield><datafield ind1=" " ind2=" " tag="042"><subfield code="a">pcc</subfield></datafield><datafield ind1=" " ind2=" " tag="043"><subfield code="a">n-us-ca</subfield></datafield><datafield ind1="0" ind2="4" tag="245"><subfield code="a">The Jewish observer of the East Bay.</subfield></datafield><datafield ind1=" " ind2=" " tag="260"><subfield code="a">Oakland, Calif. :</subfield><subfield code="b">Jewish Welfare Federation of Alameda and Contra Costa Counties</subfield></datafield><datafield ind1=" " ind2=" " tag="300"><subfield code="a">v.</subfield></datafield><datafield ind1=" " ind2=" " tag="310"><subfield code="a">Monthly (except July and Aug.)</subfield></datafield><datafield ind1="1" ind2=" " tag="362"><subfield code="a">Began in 1967.</subfield></datafield><datafield ind1="0" ind2=" " tag="362"><subfield code="a">-v. 11, no. 7 (Feb. 1978).</subfield></datafield><datafield ind1=" " ind2=" " tag="588"><subfield code="a">Description based on: Vol. 1, no. 3 (June 15, 1967).</subfield></datafield><datafield ind1=" " ind2="0" tag="650"><subfield code="a">Jewish newspapers</subfield><subfield code="z">California</subfield><subfield code="z">Oakland.</subfield></datafield><datafield ind1=" " ind2="7" tag="650"><subfield code="a">Jewish newspapers.</subfield><subfield code="2">fast</subfield><subfield code="0">(OCoLC)fst00982872</subfield></datafield><datafield ind1=" " ind2="7" tag="651"><subfield code="a">California</subfield><subfield code="z">Oakland.</subfield><subfield code="2">fast</subfield><subfield code="0">(OCoLC)fst01206605</subfield></datafield><datafield ind1=" " ind2=" " tag="752"><subfield code="a">United States</subfield><subfield code="b">California</subfield><subfield code="c">Alameda</subfield><subfield code="d">Oakland.</subfield></datafield><datafield ind1="0" ind2="0" tag="780"><subfield code="t">Jewish observer (Oakland, Calif.)</subfield><subfield code="w">(DLC)sn 99060612</subfield></datafield><datafield ind1="0" ind2="0" tag="785"><subfield code="t">East Bay Jewish observer</subfield><subfield code="w">(DLC)sn 99060614</subfield></datafield><datafield ind1="1" ind2=" " tag="029"><subfield code="a">AU@</subfield><subfield code="b">000020107552</subfield></datafield></record>